@inproceedings{cruz2012interactive,
title={Interactive User Feedback in Ontology
Matching Using Signature Vectors},
author={Cruz, Isabel F and Stroe, Cosmin and
Palmonari, Matteo},
booktitle={Data Engineering (ICDE), 2012 IEEE 28th
International Conference on},
pages={1321--1324},
year={2012},
organization={IEEE}
}


@inproceedings{Lanzenberger06alviz-,
author = {Monika Lanzenberger and Jennifer
Sampson},
title = {{AlViz - A Tool for Visual Ontology Alignment}},
booktitle = {Conference on Information Visualization (IV)},
year = {2006},
pages = {430--440},
publisher = {IEEE Computer Society}
}

@incollection{falconer2007cognitive,
title={A cognitive support framework for ontology
mapping},
author={Falconer, Sean M and Storey, MargaretAnne},
booktitle={The Semantic Web},
pages={114--127},
year={2007},
publisher={Springer}
}

@article{granitzer2010ontology,
title={Ontology alignment√≥a survey with focus on
visually supported semi-automatic techniques},
author={Granitzer, Michael and Sabol, Vedran and
Onn, Kow Weng and Lukose, Dickson and
Tochtermann, Klaus},
journal={Future Internet},
volume={2},
number={3},
pages={238--258},
year={2010},
publisher={Molecular Diversity Preservation
International}
}

@article{Cruz:2009:AEM:1687553.1687598,
 author = {Cruz, Isabel F. and Antonelli, Flavio Palandri and Stroe, Cosmin},
 title = {AgreementMaker: Efficient Matching for Large Real-world Schemas and Ontologies},
 journal = {Proc. VLDB Endow.},
 issue_date = {August 2009},
 volume = {2},
 number = {2},
 month = aug,
 year = {2009},
 issn = {2150-8097},
 pages = {1586--1589},
 numpages = {4},
 url = {http://dx.doi.org/10.14778/1687553.1687598},
 doi = {10.14778/1687553.1687598},
 acmid = {1687598},
 publisher = {VLDB Endowment},
} 

@article{hu2008falcon,
  title={{Falcon-AO: A Practical Ontology Matching System}},
  author={Hu, Wei and Qu, Yuzhong},
  journal={Web Semantics: Science, Services and Agents on the World Wide Web},
  volume={6},
  number={3},
  pages={237--239},
  year={2008},
  publisher={Elsevier}
}

@article{bertini2010investigating,
  title={Investigating and reflecting on the integration of automatic data analysis and visualization in knowledge discovery},
  author={Bertini, Enrico and Lalanne, Denis},
  journal={ACM SIGKDD Explorations Newsletter},
  volume={11},
  number={2},
  pages={9--18},
  year={2010},
  publisher={ACM}
}

@misc{javafxDocument,
  author = {Oracle},
  title = {{JavaFX Hierarchy For All Packages}},
  howpublished = "\url{http://docs.oracle.com/javafx/2/api/overview-tree.html}",
  note = "[Online; JavaFX 2.2]"
}

@misc{AgreementMaker,
  author = {ADVIS Laboratory},
  title = {{AgreementMaker Official Site}},
  howpublished = "\url{http://agreementmaker.org/}",
  note = "[Online; AgreementMaker]"
}

@misc{Anatomy,
  author = {OAEI},
  title = {{OAEI Ontology Matching Anatomy}},
  howpublished = "\url{http://oaei.ontologymatching.org/2013/anatomy/index.html}",
  note = "[Online; OAEL]"
}

@book{euzenat2007book,
	Address = {Heidelberg (DE)},
	Author = {J\'er\^ome Euzenat and Pavel Shvaiko},
	Isbn = {3-540-49611-4},
	Language = {english},
	Page = 341,
	Publisher = {Springer-Verlag},
	Title = {{Ontology Matching}},
	Year = 2007}

@article{vldb2009demo,
	Author = {Isabel F. Cruz and Flavio {Palandri Antonelli} and Cosmin Stroe},
	Journal = {PVLDB},
	Number = 2,
	Pages = {1586--1589},
	Title = {{AgreementMaker: Efficient Matching for Large Real-World Schemas and Ontologies}},
	Volume = 2,
	Year = {2009}}

@inproceedings{userfeedbackISWC2009,
	Author = {Feng Shi and Juanzi Li and Jie Tang and Guotong Xie and Hanyu Li},
	Booktitle = iswc,
	Pages = {585--600},
	Publisher = {Springer},
        series = lncs,
	Title = {{Actively Learning Ontology Matching via User Interaction}},
	Volume = {5823},
	Year = {2009}}

@inproceedings{cruz-oaei-2009,
	Author = {Isabel F. Cruz and Flavio {Palandri Antonelli} and Cosmin Stroe and Ulas Keles and Angela Maduko},
	Booktitle = om,
	Series = {CEUR Workshop Proceedings},
	Title = {{Using AgreementMaker to Align Ontologies for OAEI 2009: Overview, Results, and Outlook}},
	Volume = {551},
        Pages = {135--146},
        Year = {2009}
}

@InProceedings{cruz-icde-demo,
  author = 	 {Isabel F. Cruz and Cosmin Stroe and Matteo Palmonari}, 
  title = 	 {{Interactive User Feedback in Ontology Matching Using Signature Vectors}},
  booktitle = icde,
  year = 2012,
  publisher = {IEEE},
  pages = {1321--1324}
}

@inproceedings{OM-technical,
	Author = {Isabel F. Cruz and Flavio {Palandri Antonelli} and Cosmin Stroe},
	Booktitle = om, 
        Series    = {CEUR Workshop Proceedings},
	Title = {{Efficient Selection of Mappings and Automatic Quality-driven Combination of Matching Methods}},
	Volume = {551},   
        Pages = {49--60},
	Year = {2009}}

@article{Bertini2010,
 author = {Bertini, Enrico and Lalanne, Denis},
 title = {{Investigating and Reflecting on the Integration of Automatic Data Analysis and Visualization in Knowledge Discovery}},
 journal = {SIGKDD Explorations Newsletter},
 issue_date = {December 2009},
 volume = {11},
 number = {2},
 month = may,
 year = {2010},
 issn = {1931-0145},
 pages = {9--18},
 publisher = {ACM},
} 

@InProceedings{surveyLambrix,
  author = 	 {Valentina Ivanova and Patrick Lambrix},
  title = 	 {{User Involvement for Large-Scale Ontology Alignment}},
  booktitle = {International Workshop on Visualizations and User Interfaces for Knowledge Engineering and Linked Data Analytics},
  year = 	 {2014}
}

@inproceedings{PesquitaVisualization2014,
  title={{Towards Visualizing the Alignment of Large Biomedical Ontologies}},
  author={Pesquita, Catia and Daniel Faria and Emanuel Santos and Jean-Marc Neefs and Couto, Francisco M.},
  booktitle={Data Integration in the Life Sciences (DILS)},
  year={2014}
}

@InProceedings{iMerge,
  author = 	 {El Jerroudi, Zoulfa and J\"{u}rgen Ziegler},
  title = 	 {{iMERGE: Interactive Ontology Merging (poster)}},
  booktitle = {International Conference on Knowledge Engineering and Knowledge Management Knowledge Patterns (EKAW)},
  year = 	 {2008},
}

@inproceedings{Falconer07,
  author    = {Sean M. Falconer and
               Margaret-Anne D. Storey},
  title     = {{A Cognitive Support Framework for Ontology Mapping}},
  booktitle = {International Semantic Web Conference/Asian Semantic Web Conference (ISWC/ASWC)},
  year      = {2007},
  pages     = {114-127},
  publisher = {Springer},
  series    = lncs,
  volume    = {4825},
}

@inproceedings{faria2013agreementmakerlight,
  title={The {AgreementMakerLight} Ontology Matching System},
  author={Faria, Daniel and Pesquita, Catia and Santos, Emanuel and Palmonari, Matteo and Cruz, Isabel F. and Couto, Francisco M.},
  booktitle={International Conference on Ontologies, DataBases, and Applications of Semantics (ODBASE)},
  pages={527--541},
  year={2013},
  organization={Springer}
}
